<record><leader>00000cas a22000007a 4500</leader><controlfield tag="001">30542430</controlfield><controlfield tag="008">940603d187u18uumouwr ne      0    0eng d</controlfield><datafield ind1=" " ind2=" " tag="010"><subfield code="a">sn 94054717 </subfield></datafield><datafield ind1=" " ind2=" " tag="040"><subfield code="a">NVF</subfield><subfield code="b">eng</subfield><subfield code="c">NVF</subfield><subfield code="d">MGN</subfield><subfield code="d">OCLCQ</subfield></datafield><datafield ind1=" " ind2=" " tag="042"><subfield code="a">msc</subfield></datafield><datafield ind1="0" ind2="0" tag="245"><subfield code="a">Kellogg's St. Louis auxiliary.</subfield></datafield><datafield ind1="3" ind2="0" tag="246"><subfield code="a">Kellogg's Saint Louis auxiliary</subfield></datafield><datafield ind1="3" ind2="0" tag="246"><subfield code="a">St. Louis auxiliary</subfield></datafield><datafield ind1="3" ind2="0" tag="246"><subfield code="a">Saint Louis auxiliary</subfield></datafield><datafield ind1=" " ind2=" " tag="260"><subfield code="a">Saint Louis, Mo. :</subfield><subfield code="b">A.N. Kellogg</subfield></datafield><datafield ind1=" " ind2=" " tag="300"><subfield code="a">v.</subfield></datafield><datafield ind1=" " ind2=" " tag="310"><subfield code="a">Weekly</subfield></datafield><datafield ind1=" " ind2=" " tag="588"><subfield code="a">Description based on: Vol. 4, no. 21 (Aug. 8, 1874).</subfield></datafield><datafield ind1=" " ind2=" " tag="752"><subfield code="a">United States</subfield><subfield code="b">Missouri</subfield><subfield code="d">Saint Louis.</subfield></datafield></record>